@online{TUTPNT:1,
   author={Tutorials Point},
   title="C - Program Structure",
   year=2021,
   url={https://www.tutorialspoint.com/cprogramming/c_program_structure.htm},
   urldate={2021-08-21},
}

@online{TUTPNT:2,
   author={Tutorials Point},
   title="C - Basic Syntax",
   year=2021,
   url={https://www.tutorialspoint.com/cprogramming/c_basic_syntax.htm},
   urldate={2021-08-21},
}
